<record><leader>00000cas a22000007a 4500</leader><controlfield tag="001">13639615</controlfield><controlfield tag="008">860523d19371939inudn ne      0    0eng d</controlfield><datafield ind1=" " ind2=" " tag="010"><subfield code="a">sn 86058528 </subfield></datafield><datafield ind1=" " ind2=" " tag="040"><subfield code="a">NPI</subfield><subfield code="b">eng</subfield><subfield code="c">NPI</subfield><subfield code="d">OCLCQ</subfield><subfield code="d">IUL</subfield><subfield code="d">OCLCF</subfield></datafield><datafield ind1="1" ind2=" " tag="029"><subfield code="a">AU@</subfield><subfield code="b">000025803941</subfield></datafield><datafield ind1=" " ind2=" " tag="042"><subfield code="a">msc</subfield></datafield><datafield ind1=" " ind2=" " tag="043"><subfield code="a">n-us-in</subfield></datafield><datafield ind1="0" ind2=" " tag="130"><subfield code="a">Union City gazette (Union City, Ind. : 1937)</subfield></datafield><datafield ind1="1" ind2="4" tag="245"><subfield code="a">The Union City gazette.</subfield></datafield><datafield ind1=" " ind2=" " tag="260"><subfield code="a">Union City, Ind. :</subfield><subfield code="b">Gazette Pub. Co.</subfield></datafield><datafield ind1=" " ind2=" " tag="300"><subfield code="a">v. :</subfield><subfield code="b">ill. ;</subfield><subfield code="c">57 cm.</subfield></datafield><datafield ind1=" " ind2=" " tag="310"><subfield code="a">Daily (except Sun.)</subfield></datafield><datafield ind1="1" ind2=" " tag="362"><subfield code="a">Began in 1937.</subfield></datafield><datafield ind1="0" ind2=" " tag="362"><subfield code="a">-v. 53, no. 295 (Mar. 31, 1939).</subfield></datafield><datafield ind1=" " ind2=" " tag="580"><subfield code="a">Continues: Hub city gazette. Cf. N.W. Ayer &amp; Son American newspaper annual and directory.</subfield></datafield><datafield ind1=" " ind2=" " tag="588"><subfield code="a">Description based on: Vol. 11, no. 107 (Aug. 26, 1937).</subfield></datafield><datafield ind1=" " ind2="0" tag="651"><subfield code="a">Union City (Ind.)</subfield><subfield code="v">Newspapers.</subfield></datafield><datafield ind1=" " ind2="0" tag="651"><subfield code="a">Randolph County (Ind.)</subfield><subfield code="v">Newspapers.</subfield></datafield><datafield ind1=" " ind2="7" tag="655"><subfield code="a">Newspapers.</subfield><subfield code="2">fast</subfield><subfield code="0">(OCoLC)fst01423814</subfield></datafield><datafield ind1=" " ind2="7" tag="651"><subfield code="a">Indiana</subfield><subfield code="z">Randolph County.</subfield><subfield code="2">fast</subfield><subfield code="0">(OCoLC)fst01208877</subfield></datafield><datafield ind1=" " ind2="7" tag="651"><subfield code="a">Indiana</subfield><subfield code="z">Union City.</subfield><subfield code="2">fast</subfield><subfield code="0">(OCoLC)fst01229740</subfield></datafield><datafield ind1=" " ind2=" " tag="752"><subfield code="a">United States</subfield><subfield code="b">Indiana</subfield><subfield code="c">Randolph</subfield><subfield code="d">Union City.</subfield></datafield><datafield ind1="0" ind2="0" tag="780"><subfield code="t">Hub city gazette</subfield></datafield><datafield ind1="0" ind2="7" tag="785"><subfield code="t">Evening times (Union City, Ind.)</subfield><subfield code="w">(DLC)sn 86058533</subfield><subfield code="w">(OCoLC)13639602</subfield></datafield><datafield ind1="0" ind2="7" tag="785"><subfield code="t">Times-gazette (Union City, Ind.)</subfield><subfield code="w">(DLC)sn 86058529</subfield><subfield code="w">(OCoLC)13639646</subfield></datafield></record>